@article{pibiri2019handling,
  title={Handling Massive N-Gram Datasets Efficiently},
  author={Pibiri, Giulio Ermanno and Venturini, Rossano},
  journal={ACM Transactions on Information Systems (TOIS)},
  volume={37},
  number={2},
  pages={25},
  year={2019},
  publisher={ACM}
}

@inproceedings{heafield2013scalable,
  title={Scalable modified Kneser-Ney language model estimation},
  author={Heafield, Kenneth and Pouzyrevsky, Ivan and Clark, Jonathan H and Koehn, Philipp},
  booktitle={Proceedings of the 51st Annual Meeting of the Association for Computational Linguistics (Volume 2: Short Papers)},
  volume={2},
  pages={690--696},
  year={2013}
}

@inproceedings{talbot2007randomised,
  title={Randomised language modelling for statistical machine translation},
  author={Talbot, David and Osborne, Miles},
  booktitle={Proceedings of the 45th Annual Meeting of the Association of Computational Linguistics},
  pages={512--519},
  year={2007}
}

@inproceedings{watanabe2009succinct,
  title={A succinct n-gram language model},
  author={Watanabe, Taro and Tsukada, Hajime and Isozaki, Hideki},
  booktitle={Proceedings of the ACL-IJCNLP 2009 Conference Short Papers},
  pages={341--344},
  year={2009},
  organization={Association for Computational Linguistics}
}

@inproceedings{pauls2011faster,
  title={Faster and smaller n-gram language models},
  author={Pauls, Adam and Klein, Dan},
  booktitle={Proceedings of the 49th Annual Meeting of the Association for Computational Linguistics: Human Language Technologies-Volume 1},
  pages={258--267},
  year={2011},
  organization={Association for Computational Linguistics}
}

@inproceedings{yata2011prefix,
  title={Prefix/Patricia trie dictionary compression by nesting Prefix/Patricia tries},
  author={Yata, Susumu},
  booktitle={International Conference on Natural Language Processing (NLP'11)},
  year={2011}
}

@inproceedings{jacobson1989space,
  title={Space-efficient static trees and graphs},
  author={Jacobson, Guy},
  booktitle={30th Annual Symposium on Foundations of Computer Science},
  pages={549--554},
  year={1989},
  organization={IEEE}
}

@inproceedings{rahman2006engineering,
  title={Engineering the LOUDS succinct tree representation},
  author={Rahman, Naila and Raman, Rajeev and others},
  booktitle={International Workshop on Experimental and Efficient Algorithms},
  pages={134--145},
  year={2006},
  organization={Springer}
}

@inproceedings{raj2003lossless,
  title={Lossless compression of language model structure and word identifiers},
  author={Raj, Bhiksha and Whittaker, Edward WD},
  booktitle={2003 IEEE International Conference on Acoustics, Speech, and Signal Processing, 2003. Proceedings.(ICASSP'03).},
  volume={1},
  pages={I--I},
  year={2003},
  organization={IEEE}
}

@article{shannon1948mathematical,
  title={A mathematical theory of communication},
  author={Shannon, Claude Elwood},
  journal={Bell system technical journal},
  volume={27},
  number={3},
  pages={379--423},
  year={1948},
  publisher={Wiley Online Library}
}

@article{ney1994structuring,
  title={On structuring probabilistic dependences in stochastic language modelling},
  author={Ney, Hermann and Essen, Ute and Kneser, Reinhard},
  journal={Computer Speech \& Language},
  volume={8},
  number={1},
  pages={1--38},
  year={1994},
  publisher={Elsevier}
}

@article{chen1999empirical,
  title={An empirical study of smoothing techniques for language modeling},
  author={Chen, Stanley F and Goodman, Joshua},
  journal={Computer Speech \& Language},
  volume={13},
  number={4},
  pages={359--394},
  year={1999},
  publisher={Elsevier}
}

@article{bloom1970space,
  title={Space/time trade-offs in hash coding with allowable errors},
  author={Bloom, Burton H},
  journal={Communications of the ACM},
  volume={13},
  number={7},
  pages={422--426},
  year={1970},
  publisher={ACM}
}

@article{elias1974efficient,
  title={Efficient storage and retrieval by content and address of static files},
  author={Elias, Peter},
  journal={Journal of the ACM (JACM)},
  volume={21},
  number={2},
  pages={246--260},
  year={1974},
  publisher={ACM}
}

@book{fano1971number,
  title={On the number of bits required to implement an associative memory},
  author={Fano, Robert Mario},
  year={1971},
  publisher={Massachusetts Institute of Technology, Project MAC}
}

@inproceedings{ottaviano2014partitioned,
  title={Partitioned elias-fano indexes},
  author={Ottaviano, Giuseppe and Venturini, Rossano},
  booktitle={Proceedings of the 37th international ACM SIGIR conference on Research \& development in information retrieval},
  pages={273--282},
  year={2014},
  organization={ACM}
}